@article{Sen2024Futoshiki,
  author    = {Banu Baklan Şen and Öznur Yaşar Diner},
  title     = {List coloring based algorithm for the Futoshiki puzzle},
  journal   = {An International Journal of Optimization and Control: Theories \& Applications},
  volume    = {14},
  number    = {4},
  pages     = {294--307},
  year      = {2024},
  doi       = {10.11121/ijocta.1432},
  url       = {http://doi.org/10.11121/ijocta.1432}
}

@techreport{MPIForum2021,
  author      = {{Message Passing Interface Forum}},
  title       = {{MPI}: A Message-Passing Interface Standard, Version 4.0},
  institution = {MPI Forum},
  year        = {2021},
  month       = {June},
  url         = {https://www.mpi-forum.org/docs/mpi-4.0/mpi40-report.pdf}
}

@book{Pacheco2011,
  author    = {Pacheco, Peter S.},
  title     = {An Introduction to Parallel Programming},
  year      = {2011},
  isbn      = {0123742609},
  publisher = {Morgan Kaufmann Publishers Inc.},
  address   = {San Francisco, CA, USA}
}

@misc{NorvigSudoku,
  author = {Peter Norvig},
  title  = {Solving Every Sudoku Puzzle},
  year   = {2006},
  howpublished = {\url{http://norvig.com/sudoku.html}},
  note   = {Accessed: 2024-10-27}
}

@misc{OpenMP2020,
  author = {{OpenMP Architecture Review Board}},
  title  = {{OpenMP} Application Programming Interface Version 5.1},
  year   = {2020},
  month  = {November},
  url    = {https://www.openmp.org/specifications/}
}

@inproceedings{Haraguchi2014,
  author    = {Kazuya Haraguchi and Hirotaka Ono},
  title     = {Approximability of Latin Square Completion-Type Puzzles},
  booktitle = {Fun with Algorithms},
  year      = {2014},
  pages     = {218--229},
  doi       = {10.1007/978-3-319-07890-8_19}
}

@article{Colbourn1984,
  author  = {Charles J. Colbourn},
  title   = {The complexity of completing partial Latin squares},
  journal = {Discrete Applied Mathematics},
  volume  = {8},
  number  = {1},
  pages   = {25--30},
  year    = {1984},
  doi     = {10.1016/0166-218X(84)90075-1}
}

@book{Gropp1999,
  author    = {Gropp, William and Lusk, Ewing and Skjellum, Anthony},
  title     = {Using MPI: Portable Parallel Programming with the Message-Passing Interface},
  year      = {1999},
  edition   = {2nd},
  publisher = {MIT Press},
  address   = {Cambridge, MA, USA}
}

@article{Rabenseifner2009,
  author  = {Rolf Rabenseifner and Georg Hager and Gabriele Jost},
  title   = {Hybrid MPI/OpenMP Parallel Programming on Clusters of Multi-Core SMP Nodes},
  journal = {Parallel, Distributed and Network-based Processing},
  pages   = {427--436},
  year    = {2009},
  doi     = {10.1109/PDP.2009.43}
}